<?xml version="1.0" encoding="UTF-8"?><record xmlns="http://www.loc.gov/MARC21/slim" xmlns:cinclude="http://apache.org/cocoon/include/1.0" xmlns:zs="http://www.loc.gov/zing/srw/">
  <leader>00494cz  a2200145n  4500</leader>
  <controlfield tag="001">n  81013869 </controlfield>
  <controlfield tag="003">DLC</controlfield>
  <controlfield tag="005">20090124075649.0</controlfield>
  <controlfield tag="008">810224n| acannaabn          |b ana      </controlfield>
  <datafield tag="010" ind1=" " ind2=" ">
    <subfield code="a">n  81013869 </subfield>
  </datafield>
  <datafield tag="035" ind1=" " ind2=" ">
    <subfield code="a">(OCoLC)oca00559767</subfield>
  </datafield>
  <datafield tag="040" ind1=" " ind2=" ">
    <subfield code="a">DLC</subfield>
    <subfield code="b">eng</subfield>
    <subfield code="c">DLC</subfield>
    <subfield code="d">OCoLC</subfield>
  </datafield>
  <datafield tag="110" ind1="2" ind2=" ">
    <subfield code="a">Chiba Kōtō Gakkō.</subfield>
    <subfield code="b">Dōsōkai</subfield>
  </datafield>
  <datafield tag="410" ind1="2" ind2=" ">
    <subfield code="w">nna</subfield>
    <subfield code="a">Chiba Kenritsu Chiba Kōtō Gakkō Dōsōkai</subfield>
  </datafield>
  <datafield tag="670" ind1=" " ind2=" ">
    <subfield code="a">Dōsōkai meibo, 1979 (subj.)</subfield>
    <subfield code="b">colophon (in title: Chiba Kenritsu Chiba Kōtō Gakkō Dōsōkai)</subfield>
  </datafield>
</record>